@book{chacon,
  title={Pro Git},
  author={Chacon, Scott and Straub, Ben},
  year={2014},
  publisher={Apress}
}
 
@book{woodcock,
  title={Using Z Specification, Refinement, and Proof},
  author={Woodcock, Jim and Davies, Jim},
  year={1995},
  publisher={University of Oxford}
}

@book{wordsworth,
  title={Software Development with Z: A Practical Approach to Formal Methods in Software Engineering},
  author={Wordsworth, John B},
  year={1992},
  publisher={Addison-Wesley Longman Publishing Co., Inc.}
}

@book{spivey,
  title={The Z Notation},
  author={Spivey, J Michael and Abrial, JR},
  year={1992},
  publisher={Prentice Hall Hemel Hempstead}
}
